<?xml version="1.0" encoding="UTF-8"?><record xmlns="http://www.loc.gov/MARC21/slim" xmlns:cinclude="http://apache.org/cocoon/include/1.0" xmlns:zs="http://www.loc.gov/zing/srw/">
  <leader>01245cz  a2200229n  4500</leader>
  <controlfield tag="001">no2008139197</controlfield>
  <controlfield tag="003">DLC</controlfield>
  <controlfield tag="005">20110502130205.0</controlfield>
  <controlfield tag="008">080923n| acannaabn          |b aaa     c</controlfield>
  <datafield tag="010" ind1=" " ind2=" ">
    <subfield code="a">no2008139197</subfield>
  </datafield>
  <datafield tag="035" ind1=" " ind2=" ">
    <subfield code="a">(OCoLC)oca07887232</subfield>
  </datafield>
  <datafield tag="040" ind1=" " ind2=" ">
    <subfield code="a">InU</subfield>
    <subfield code="b">eng</subfield>
    <subfield code="c">InU</subfield>
    <subfield code="d">WaBeW</subfield>
  </datafield>
  <datafield tag="100" ind1="0" ind2=" ">
    <subfield code="a">Luvsanzhamt︠s︡, D.</subfield>
    <subfield code="q">(Dėndėviĭn),</subfield>
    <subfield code="d">1911-1982</subfield>
  </datafield>
  <datafield tag="400" ind1="0" ind2=" ">
    <subfield code="a">Лувсанжамц, Д.</subfield>
    <subfield code="q">(Дэндэвийн),</subfield>
    <subfield code="d">1911-1982</subfield>
  </datafield>
  <datafield tag="400" ind1="0" ind2=" ">
    <subfield code="a">Luvsanzhamt︠s︡, Dėndėviĭn,</subfield>
    <subfield code="d">1911-1982</subfield>
  </datafield>
  <datafield tag="400" ind1="0" ind2=" ">
    <subfield code="a">Лувсанжамц, Дэндэвийн,</subfield>
    <subfield code="d">1911-1982</subfield>
  </datafield>
  <datafield tag="400" ind1="0" ind2=" ">
    <subfield code="a">Dėndėviĭn Luvsanzhamt︠s︡,</subfield>
    <subfield code="d">1911-1982</subfield>
  </datafield>
  <datafield tag="400" ind1="0" ind2=" ">
    <subfield code="a">Дэндэвийн Лувсанжамц,</subfield>
    <subfield code="d">1911-1982</subfield>
  </datafield>
  <datafield tag="667" ind1=" " ind2=" ">
    <subfield code="a">Non-Latin script references not evaluated.</subfield>
  </datafield>
  <datafield tag="670" ind1=" " ind2=" ">
    <subfield code="a">Germand khiĭsėn tėmdėglėl, 1961:</subfield>
    <subfield code="b">t.p. (D. Luvsanzhamt︠s︡; illustrator)</subfield>
  </datafield>
  <datafield tag="670" ind1=" " ind2=" ">
    <subfield code="a">Aldar gavʹi︠a︡atny ȯrgȯȯ, 2007:</subfield>
    <subfield code="b">p. 282 (Лувсанжамц Дэндэвийн = Luvsanzhamt︠s︡ Dėndėviĭn, 1911-1982; b. Khėntiĭ Aĭmag, Galshar Sum; prize-winning illustrator &amp; painter)</subfield>
  </datafield>
  <datafield tag="670" ind1=" " ind2=" ">
    <subfield code="a">Khan Khėntiĭ tovchoon, 2003</subfield>
    <subfield code="b">(Лувсанжамц Дэндэвийн = Luvsanzhamt︠s︡ Dėndėviĭn, 1911-1982; illustrator of numerous books; partial list included)</subfield>
  </datafield>
</record>